<record><leader>00000cas a22000007a 4500</leader><controlfield tag="001">8934663</controlfield><controlfield tag="008">821108d18691873ksudn ne      0   a0eng  </controlfield><controlfield tag="009">466</controlfield><datafield ind1=" " ind2=" " tag="010"><subfield code="a">sn 82015907 </subfield></datafield><datafield ind1=" " ind2=" " tag="040"><subfield code="a">DLC</subfield><subfield code="b">eng</subfield><subfield code="c">DLC</subfield><subfield code="d">NPU</subfield><subfield code="d">NPT</subfield><subfield code="d">DLC</subfield></datafield><datafield ind1="1" ind2=" " tag="029"><subfield code="a">AU@</subfield><subfield code="b">000025835703</subfield></datafield><datafield ind1=" " ind2=" " tag="042"><subfield code="a">msc</subfield></datafield><datafield ind1="0" ind2="0" tag="050"><subfield code="a">Newspaper 7864</subfield></datafield><datafield ind1="0" ind2="4" tag="245"><subfield code="a">The Kansas daily commonwealth.</subfield></datafield><datafield ind1="0" ind2="3" tag="246"><subfield code="a">Commonwealth</subfield></datafield><datafield ind1=" " ind2=" " tag="260"><subfield code="a">Topeka, Kan. :</subfield><subfield code="b">Prouty &amp; Davis,</subfield><subfield code="c">1869-1873.</subfield></datafield><datafield ind1=" " ind2=" " tag="300"><subfield code="a">4 v. :</subfield><subfield code="b">ill. (chiefly advertisements) ;</subfield><subfield code="c">62-70 cm.</subfield></datafield><datafield ind1=" " ind2=" " tag="310"><subfield code="a">Daily (except Mon.)</subfield></datafield><datafield ind1="0" ind2=" " tag="362"><subfield code="a">Vol. 1, no. 1 (May 1, 1869)-no. 1456 (Dec. 31, 1873).</subfield></datafield><datafield ind1=" " ind2=" " tag="500"><subfield code="a">Publisher varies.</subfield></datafield><datafield ind1=" " ind2=" " tag="500"><subfield code="a">"Republican."</subfield></datafield><datafield ind1=" " ind2=" " tag="500"><subfield code="a">Also available on microfilm from Micro Photo Division, Bell &amp; Howell Co.</subfield></datafield><datafield ind1=" " ind2=" " tag="580"><subfield code="a">Also issued in a weekly edition called: Kansas weekly commonwealth.</subfield></datafield><datafield ind1=" " ind2=" " tag="752"><subfield code="a">United States</subfield><subfield code="b">Kansas</subfield><subfield code="c">Shawnee</subfield><subfield code="d">Topeka.</subfield></datafield><datafield ind1="1" ind2=" " tag="775"><subfield code="t">Kansas weekly commonweath</subfield><subfield code="w">(DLC)sn 84027681</subfield></datafield><datafield ind1="0" ind2="5" tag="780"><subfield code="t">Kansas State record (Topeka, Kan. : 1871)</subfield><subfield code="g">Dec. 1871</subfield><subfield code="w">(DLC)sn 82015832</subfield></datafield><datafield ind1="0" ind2="0" tag="785"><subfield code="t">Commonwealth (Topeka, Kan. : Daily)</subfield><subfield code="w">(DLC)sn 85067081</subfield></datafield></record>